%YAML 1.1
%TAG !u! tag:unity3d.com,2011:
--- !u!1 &8848953425376834553
GameObject:
  m_ObjectHideFlags: 0
  m_CorrespondingSourceObject: {fileID: 0}
  m_PrefabInstance: {fileID: 0}
  m_PrefabAsset: {fileID: 0}
  serializedVersion: 6
  m_Component:
  - component: {fileID: 8848953425376834558}
  - component: {fileID: 1365393063}
  - component: {fileID: 6605418468192289424}
  - component: {fileID: 2834575668901690434}
  - component: {fileID: 2020878972680874327}
  - component: {fileID: 527835924}
  m_Layer: 8
  m_Name: CommomEnemy
  m_TagString: Enemy
  m_Icon: {fileID: 0}
  m_NavMeshLayer: 0
  m_StaticEditorFlags: 0
  m_IsActive: 1
--- !u!4 &8848953425376834558
Transform:
  m_ObjectHideFlags: 0
  m_CorrespondingSourceObject: {fileID: 0}
  m_PrefabInstance: {fileID: 0}
  m_PrefabAsset: {fileID: 0}
  m_GameObject: {fileID: 8848953425376834553}
  m_LocalRotation: {x: 0, y: 0, z: 0, w: 1}
  m_LocalPosition: {x: 0, y: 0, z: 0}
  m_LocalScale: {x: 0.3, y: 0.3, z: 1}
  m_Children:
  - {fileID: 770254299794034344}
  m_Father: {fileID: 0}
  m_RootOrder: 0
  m_LocalEulerAnglesHint: {x: 0, y: 0, z: 0}
--- !u!114 &1365393063
MonoBehaviour:
  m_ObjectHideFlags: 0
  m_CorrespondingSourceObject: {fileID: 0}
  m_PrefabInstance: {fileID: 0}
  m_PrefabAsset: {fileID: 0}
  m_GameObject: {fileID: 8848953425376834553}
  m_Enabled: 1
  m_EditorHideFlags: 0
  m_Script: {fileID: 11500000, guid: adf421db8c3fa0c479b965e8b759585e, type: 3}
  m_Name: 
  m_EditorClassIdentifier: 
  lifeBarFill: {fileID: 4025039900809182673}
  life: 10
  speed: 0.008
  armor: 1
  damageToPlayerLife: 1
  attackDamage: 3
  attackSpeed: 2
  armorPenetration: 1
  range: 0
  whatIsEnemies:
    serializedVersion: 2
    m_Bits: 512
  moneyToGain: 5
  playerStats: {fileID: 11400000, guid: db03d662398aa9e4f9c6c7e61938d6e4, type: 2}
  gainedDiamonds: {fileID: 4894633479987751552, guid: 7ca8f54b8418d7543bef5c718eb51d86,
    type: 3}
  animator: {fileID: 2020878972680874327}
  attackEndedEvent: {fileID: 527835924}
  IsBeingAttackedBySoldier: 0
  AttackingSoldier: {fileID: 0}
  targetPoints: []
  currentSpeed: 0
  currentLife: 0
  nonTargetable: 1
  nonTargetableBySoldier: 1
--- !u!70 &6605418468192289424
CapsuleCollider2D:
  m_ObjectHideFlags: 0
  m_CorrespondingSourceObject: {fileID: 0}
  m_PrefabInstance: {fileID: 0}
  m_PrefabAsset: {fileID: 0}
  m_GameObject: {fileID: 8848953425376834553}
  m_Enabled: 1
  m_Density: 1
  m_Material: {fileID: 0}
  m_IsTrigger: 1
  m_UsedByEffector: 0
  m_UsedByComposite: 0
  m_Offset: {x: -0.44527203, y: 0.020143587}
  m_Size: {x: 1.3776916, y: 2.3785949}
  m_Direction: 0
--- !u!212 &2834575668901690434
SpriteRenderer:
  m_ObjectHideFlags: 0
  m_CorrespondingSourceObject: {fileID: 0}
  m_PrefabInstance: {fileID: 0}
  m_PrefabAsset: {fileID: 0}
  m_GameObject: {fileID: 8848953425376834553}
  m_Enabled: 1
  m_CastShadows: 0
  m_ReceiveShadows: 0
  m_DynamicOccludee: 1
  m_MotionVectors: 1
  m_LightProbeUsage: 1
  m_ReflectionProbeUsage: 1
  m_RayTracingMode: 0
  m_RenderingLayerMask: 1
  m_RendererPriority: 0
  m_Materials:
  - {fileID: 10754, guid: 0000000000000000f000000000000000, type: 0}
  m_StaticBatchInfo:
    firstSubMesh: 0
    subMeshCount: 0
  m_StaticBatchRoot: {fileID: 0}
  m_ProbeAnchor: {fileID: 0}
  m_LightProbeVolumeOverride: {fileID: 0}
  m_ScaleInLightmap: 1
  m_ReceiveGI: 1
  m_PreserveUVs: 0
  m_IgnoreNormalsForChartDetection: 0
  m_ImportantGI: 0
  m_StitchLightmapSeams: 1
  m_SelectedEditorRenderState: 0
  m_MinimumChartSize: 4
  m_AutoUVMaxDistance: 0.5
  m_AutoUVMaxAngle: 89
  m_LightmapParameters: {fileID: 0}
  m_SortingLayerID: 1284791595
  m_SortingLayer: 5
  m_SortingOrder: 0
  m_Sprite: {fileID: 21300000, guid: a22d687d4b449684fab7c9a55fb35956, type: 3}
  m_Color: {r: 1, g: 1, b: 1, a: 1}
  m_FlipX: 0
  m_FlipY: 0
  m_DrawMode: 0
  m_Size: {x: 3.03, y: 2.9}
  m_AdaptiveModeThreshold: 0.5
  m_SpriteTileMode: 0
  m_WasSpriteAssigned: 1
  m_MaskInteraction: 0
  m_SpriteSortPoint: 0
--- !u!95 &2020878972680874327
Animator:
  serializedVersion: 3
  m_ObjectHideFlags: 0
  m_CorrespondingSourceObject: {fileID: 0}
  m_PrefabInstance: {fileID: 0}
  m_PrefabAsset: {fileID: 0}
  m_GameObject: {fileID: 8848953425376834553}
  m_Enabled: 1
  m_Avatar: {fileID: 0}
  m_Controller: {fileID: 9100000, guid: f743b94fea95bc441aadb08a3ef628cd, type: 2}
  m_CullingMode: 0
  m_UpdateMode: 0
  m_ApplyRootMotion: 0
  m_LinearVelocityBlending: 0
  m_WarningMessage: 
  m_HasTransformHierarchy: 1
  m_AllowConstantClipSamplingOptimization: 1
  m_KeepAnimatorControllerStateOnDisable: 0
--- !u!114 &527835924
MonoBehaviour:
  m_ObjectHideFlags: 0
  m_CorrespondingSourceObject: {fileID: 0}
  m_PrefabInstance: {fileID: 0}
  m_PrefabAsset: {fileID: 0}
  m_GameObject: {fileID: 8848953425376834553}
  m_Enabled: 1
  m_EditorHideFlags: 0
  m_Script: {fileID: 11500000, guid: 3b7a96e241fdb0b4c9cd8b236208eac1, type: 3}
  m_Name: 
  m_EditorClassIdentifier: 
--- !u!1001 &651131168485853707
PrefabInstance:
  m_ObjectHideFlags: 0
  serializedVersion: 2
  m_Modification:
    m_TransformParent: {fileID: 8848953425376834558}
    m_Modifications:
    - target: {fileID: 268305496366646435, guid: 96901a9b0d8d8744aa8afe11f49b54fb,
        type: 3}
      propertyPath: m_LocalPosition.x
      value: 0
      objectReference: {fileID: 0}
    - target: {fileID: 268305496366646435, guid: 96901a9b0d8d8744aa8afe11f49b54fb,
        type: 3}
      propertyPath: m_LocalPosition.y
      value: 0
      objectReference: {fileID: 0}
    - target: {fileID: 268305496366646435, guid: 96901a9b0d8d8744aa8afe11f49b54fb,
        type: 3}
      propertyPath: m_LocalPosition.z
      value: 0
      objectReference: {fileID: 0}
    - target: {fileID: 268305496366646435, guid: 96901a9b0d8d8744aa8afe11f49b54fb,
        type: 3}
      propertyPath: m_LocalRotation.x
      value: -0
      objectReference: {fileID: 0}
    - target: {fileID: 268305496366646435, guid: 96901a9b0d8d8744aa8afe11f49b54fb,
        type: 3}
      propertyPath: m_LocalRotation.y
      value: -0
      objectReference: {fileID: 0}
    - target: {fileID: 268305496366646435, guid: 96901a9b0d8d8744aa8afe11f49b54fb,
        type: 3}
      propertyPath: m_LocalRotation.z
      value: -0
      objectReference: {fileID: 0}
    - target: {fileID: 268305496366646435, guid: 96901a9b0d8d8744aa8afe11f49b54fb,
        type: 3}
      propertyPath: m_LocalRotation.w
      value: 1
      objectReference: {fileID: 0}
    - target: {fileID: 268305496366646435, guid: 96901a9b0d8d8744aa8afe11f49b54fb,
        type: 3}
      propertyPath: m_RootOrder
      value: 0
      objectReference: {fileID: 0}
    - target: {fileID: 268305496366646435, guid: 96901a9b0d8d8744aa8afe11f49b54fb,
        type: 3}
      propertyPath: m_LocalEulerAnglesHint.x
      value: 0
      objectReference: {fileID: 0}
    - target: {fileID: 268305496366646435, guid: 96901a9b0d8d8744aa8afe11f49b54fb,
        type: 3}
      propertyPath: m_LocalEulerAnglesHint.y
      value: 0
      objectReference: {fileID: 0}
    - target: {fileID: 268305496366646435, guid: 96901a9b0d8d8744aa8afe11f49b54fb,
        type: 3}
      propertyPath: m_LocalEulerAnglesHint.z
      value: 0
      objectReference: {fileID: 0}
    - target: {fileID: 268305496366646435, guid: 96901a9b0d8d8744aa8afe11f49b54fb,
        type: 3}
      propertyPath: m_AnchoredPosition.x
      value: -0.623
      objectReference: {fileID: 0}
    - target: {fileID: 268305496366646435, guid: 96901a9b0d8d8744aa8afe11f49b54fb,
        type: 3}
      propertyPath: m_AnchoredPosition.y
      value: 1.296
      objectReference: {fileID: 0}
    - target: {fileID: 268305496366646435, guid: 96901a9b0d8d8744aa8afe11f49b54fb,
        type: 3}
      propertyPath: m_SizeDelta.x
      value: 3
      objectReference: {fileID: 0}
    - target: {fileID: 268305496366646435, guid: 96901a9b0d8d8744aa8afe11f49b54fb,
        type: 3}
      propertyPath: m_SizeDelta.y
      value: 1
      objectReference: {fileID: 0}
    - target: {fileID: 268305496366646435, guid: 96901a9b0d8d8744aa8afe11f49b54fb,
        type: 3}
      propertyPath: m_AnchorMin.x
      value: 0
      objectReference: {fileID: 0}
    - target: {fileID: 268305496366646435, guid: 96901a9b0d8d8744aa8afe11f49b54fb,
        type: 3}
      propertyPath: m_AnchorMin.y
      value: 0
      objectReference: {fileID: 0}
    - target: {fileID: 268305496366646435, guid: 96901a9b0d8d8744aa8afe11f49b54fb,
        type: 3}
      propertyPath: m_AnchorMax.x
      value: 0
      objectReference: {fileID: 0}
    - target: {fileID: 268305496366646435, guid: 96901a9b0d8d8744aa8afe11f49b54fb,
        type: 3}
      propertyPath: m_AnchorMax.y
      value: 0
      objectReference: {fileID: 0}
    - target: {fileID: 268305496366646435, guid: 96901a9b0d8d8744aa8afe11f49b54fb,
        type: 3}
      propertyPath: m_Pivot.x
      value: 0.5
      objectReference: {fileID: 0}
    - target: {fileID: 268305496366646435, guid: 96901a9b0d8d8744aa8afe11f49b54fb,
        type: 3}
      propertyPath: m_Pivot.y
      value: 0.5
      objectReference: {fileID: 0}
    - target: {fileID: 6121117572928685946, guid: 96901a9b0d8d8744aa8afe11f49b54fb,
        type: 3}
      propertyPath: m_Name
      value: CharacterLifeBar
      objectReference: {fileID: 0}
    m_RemovedComponents: []
  m_SourcePrefab: {fileID: 100100000, guid: 96901a9b0d8d8744aa8afe11f49b54fb, type: 3}
--- !u!224 &770254299794034344 stripped
RectTransform:
  m_CorrespondingSourceObject: {fileID: 268305496366646435, guid: 96901a9b0d8d8744aa8afe11f49b54fb,
    type: 3}
  m_PrefabInstance: {fileID: 651131168485853707}
  m_PrefabAsset: {fileID: 0}
--- !u!114 &4025039900809182673 stripped
MonoBehaviour:
  m_CorrespondingSourceObject: {fileID: 4526847906737158106, guid: 96901a9b0d8d8744aa8afe11f49b54fb,
    type: 3}
  m_PrefabInstance: {fileID: 651131168485853707}
  m_PrefabAsset: {fileID: 0}
  m_GameObject: {fileID: 0}
  m_Enabled: 1
  m_EditorHideFlags: 0
  m_Script: {fileID: 11500000, guid: fe87c0e1cc204ed48ad3b37840f39efc, type: 3}
  m_Name: 
  m_EditorClassIdentifier: 
